
@misc{ wikcrypto,
    author = "{Wikipedia contributors}",
    title = "Cryptography --- {Wikipedia}{,} The Free Encyclopedia",
    year = "2018",
    url = "\url{https://en.wikipedia.org/w/index.php?title=Cryptography&oldid=864272140}",
    note = "[Online; accessed 26-October-2018]"
  }


@misc{wikikey,
    author = "{Wikipedia contributors}",
    title = "Public-key cryptography --- {Wikipedia}{,} The Free Encyclopedia",
    year = "2018",
    url = "\url{https://en.wikipedia.org/w/index.php?title=Public-key_cryptography&oldid=864554780}",
    note = "[Online; accessed 26-October-2018]"
  }


@BOOK{stallings2017,
  TITLE = {Cryptography and Network Security},
  SUBTITLE = {Principles and Practice},
  AUTHOR = {William Stallings} ,
  YEAR = {2017},
  EDITION = {7},
  PUBLISHER = {Pearson},
}


@book{swenson2008modern,
  title={Modern cryptanalysis: techniques for advanced code breaking},
  author={Swenson, Christopher},
  year={2008},
  pages={5},
  url = "\url{https://books.google.lu/books?id=oLoaWgdmFJ8C&pg=PA5&redir_esc=y#v=onepage&q&f=false}"
  publisher={John Wiley \& Sons}
}

@misc{ wikirot13,
    author = "{Wikipedia contributors}",
    title = "ROT13 --- {Wikipedia}{,} The Free Encyclopedia",
    year = "2018",
    howpublished = "\url{https://en.wikipedia.org/w/index.php?title=ROT13&oldid=865606310}",
    note = "[Online; accessed 26-October-2018]"
  }
  
  @BOOK{stallings2011,
  TITLE = {Cryptography and Network Security},
  SUBTITLE = {Principles and Practice},
  AUTHOR = {William Stallings} ,
  YEAR = {2011},
  EDITION = {5},
  PUBLISHER = {Pearson},
}

@book{curtin1998,
title={Snake Oil Warning Signs: Encryption Software to Avoid},
url={\url{http://www.interhack.net/people/cmcurtin/snake-oil-faq.pdf}},
author={Curtin, Matt},
year={1998},
pages={8}
}

@misc{maryscots,
  title = {The Black Chamber: Mary Queen of Scots},
  howpublished = {\url{https://www.simonsingh.net/The_Black_Chamber/maryqueenofscots.html}},
  note = {Accessed: 2018-10-26}
}

@misc{alanturing,
  title = {Alan Turing: Creator of modern computing},
  howpublished = {\url{https://www.bbc.com/timelines/z8bgr82}},
  note = {Accessed: 2018-10-26}
}

@BOOK{stallings2017,
  TITLE = {Cryptography and Network Security},
  SUBTITLE = {Principles and Practice},
  AUTHOR = {William Stallings} ,
  YEAR = {2017},
  EDITION = {7},
  PUBLISHER = {Pearson},
}

@misc{wikirc4,
  title = {RC4},
  howpublished = {\url{https://en.wikipedia.org/wiki/RC4},
  note = {Accessed: 2018-10-26}
}

@misc{ibmcrypto,
  title = {IBM: Cryptography for a connected world},
  howpublished = {\url{http://www-03.ibm.com/ibm/history/ibm100/us/en/icons/cryptography/},
  note = {Accessed: 2018-10-26}
}

  @BOOK{stallings2011-a,
  TITLE = {Cryptography and Network Security},
  SUBTITLE = {Principles and Practice},
  AUTHOR = {William Stallings} ,
  YEAR = {2011},
  EDITION = {5},
  PAGES = {67},
  PUBLISHER = {Pearson},
}

@misc{ mitm,
    author = "{Wikipedia contributors}",
    title = "Meet-in-the-middle attack --- {Wikipedia}{,} The Free Encyclopedia",
    year = "2018",
    howpublished = "\url{https://en.wikipedia.org/w/index.php?title=Meet-in-the-middle_attack&oldid=856926199}",
    note = "[Online; accessed 26-October-2018]"
  }
  
  @BOOK{stallings2017-a,
  TITLE = {Cryptography and Network Security},
  SUBTITLE = {Principles and Practice},
  AUTHOR = {William Stallings} ,
  YEAR = {2017},
  EDITION = {7},
  PAGES = {177},
  PUBLISHER = {Pearson},
}